@inproceedings{antonakakis2010building,
  title={Building a Dynamic Reputation System for DNS.},
  author={Antonakakis, Manos and Perdisci, Roberto and Dagon, David and Lee, Wenke and Feamster, Nick},
  booktitle={USENIX security symposium},
  pages={273--290},
  year={2010}
}
@article{Antonakakis2010,
author = {Antonakakis, Manos and Perdisci, Roberto and Dagon, David and Lee, Wenke and Feamster, Nick},
doi = {10.1145/2584679},
file = {:home/leon/course/DNS/Antonakakis.pdf:pdf},
isbn = {8887666655554},
issn = {10949224},
journal = {USENIX Security'10: Proceedings of the 19th USENIX conference on Security},
mendeley-groups = {DNS},
pages = {1--17},
title = {{Building a Dynamic Reputation System for DNS}},
url = {http://www.usenix.org/events/sec10/tech/full{\_}papers/Antonakakis.pdf},
year = {2010}
}
@article{Dagon2008,
author = {Dagon, David and Provos, Niels and Lee, Cp and Lee, Wenke},
doi = {10.1.1.92.7470},
file = {:home/leon/course/DNS/ndss08{\_}dns.pdf:pdf},
journal = {Ndss},
mendeley-groups = {DNS},
title = {{Corrupted dns resolution paths: The rise of a malicious resolution authority}},
url = {http://citeseerx.ist.psu.edu/viewdoc/download?doi=10.1.1.92.7470{\&}rep=rep1{\&}type=pdf},
volume = {1},
year = {2008}
}
@article{Yan2006,
author = {Yan, Boru and Fang, Binxing and Li, Bin and Wang, Yao},
file = {:home/leon/.local/share/data/Mendeley Ltd./Mendeley Desktop/Downloaded/Yan et al. - 2006 - Detection and defence of DNS spoofing attack(2).pdf:pdf},
issn = {10003428},
journal = {Jisuanji GongchengComputer Engineering},
keywords = {attack detection,dns,dns spoofing,domain name system},
mendeley-groups = {DNS},
number = {21},
pages = {130 -- 132+135},
title = {{Detection and defence of DNS spoofing attack}},
url = {http://www.scopus.com/inward/record.url?eid=2-s2.0-33846178631{\&}partnerID=40{\&}md5=91b62b2bafcdf8e23f652a93bb153245},
volume = {32},
year = {2006}
}

@article{Antonakakis2011,
archivePrefix = {arXiv},
arxivId = {2028067.2028094},
author = {Antonakakis, Manos and Perdisci, Roberto and Lee, Wenke and Ii, Nikolaos Vasiloglou and Dagon, David},
doi = {2028067.2028094},
eprint = {2028067.2028094},
file = {:home/leon/repertory/Paper/Detecting malware domains at the upper DNS hierarchy.pdf:pdf},
isbn = {8887666655554},
journal = {USENIX Security Symposium.},
mendeley-groups = {DNS},
pages = {1--16},
title = {{Detecting Malware Domains at the Upper DNS Hierarchy}},
url = {https://dl.acm.org/citation.cfm?id=2028094},
volume = {11},
year = {2011}
}

@article{Pearce2017,
author = {Pearce, Paul and Berkeley, U C and Jones, Ben and Li, Frank and Berkeley, U C and Ensafi, Roya and Feamster, Nick and Weaver, Nick and Paxson, Vern and Berkeley, U C and Pearce, Paul and Jones, Ben and Li, Frank and Feamster, Nick and Paxson, Vern},
file = {:home/leon/repertory/grapro/books/sec17-pearce.pdf:pdf},
isbn = {9781931971409},
mendeley-groups = {DNS},
title = {{Global Measurement of DNS Manipulation}},
year = {2017}
}
@article{Kuhrer,
author = {K{\"{u}}hrer, Marc and Hupperich, Thomas and Bushart, Jonas and Rossow, Christian and Holz, Thorsten},
file = {:home/leon/repertory/grapro/books/K{\"{u}}hrer et al{\_}2015{\_}Going Wild.pdf:pdf},
isbn = {9781450338486},
keywords = {agglomerative hierarchical clustering,all or part of,content de-,dns resolution paths,domain name system,livery network,or,or hard copies of,permission to make digital,this work for personal},
mendeley-groups = {DNS},
pages = {355--368},
title = {{Going Wild : Large-Scale Classification of Open DNS Resolvers Categories and Subject Descriptors}}
}
